{
  "leader": "02128cam  2200529 i 4500",
  "fields": [
    {
      "001": "ocm00143631\\"
    },
    {
      "003": "OCoLC"
    },
    {
      "005": "20211115152149.0"
    },
    {
      "008": "710610s1970\\\\\\\\mau\\\\\\\\\\\\b\\\\\\\\001\\0\\eng\\\\"
    },
    {
      "010": {
        "ind1": "\\",
        "ind2": "\\",
        "subfields": [
          {
            "a": "   70115472 "
          }
        ]
      }
    },
    {
      "040": {
        "ind1": "\\",
        "ind2": "\\",
        "subfields": [
          {
            "a": "DLC"
          },
          {
            "b": "eng"
          },
          {
            "c": "DLC"
          },
          {
            "d": "OCL"
          },
          {
            "d": "NLGGC"
          },
          {
            "d": "BAKER"
          },
          {
            "d": "NLM"
          },
          {
            "d": "LVB"
          },
          {
            "d": "OCLCG"
          },
          {
            "d": "STF"
          },
          {
            "d": "LGG"
          },
          {
            "d": "UKV3G"
          },
          {
            "d": "DEBBG"
          },
          {
            "d": "OCLCO"
          },
          {
            "d": "OCLCF"
          },
          {
            "d": "OCLCQ"
          },
          {
            "d": "OCLCO"
          },
          {
            "d": "NLC"
          },
          {
            "d": "DHA"
          },
          {
            "d": "OCLCA"
          },
          {
            "d": "OCLCQ"
          },
          {
            "d": "UAB"
          },
          {
            "d": "ERR"
          },
          {
            "d": "Y7M"
          },
          {
            "d": "UKMGB"
          }
        ]
      }
    },
    {
      "016": {
        "ind1": "7",
        "ind2": "\\",
        "subfields": [
          {
            "a": "0262040"
          },
          {
            "2": "DNLM"
          }
        ]
      }
    },
    {
      "016": {
        "ind1": "\\",
        "ind2": "\\",
        "subfields": [
          {
            "a": "(AMICUS)000001560381"
          }
        ]
      }
    },
    {
      "016": {
        "ind1": "7",
        "ind2": "\\",
        "subfields": [
          {
            "a": "009687979"
          },
          {
            "2": "Uk"
          }
        ]
      }
    },
    {
      "016": {
        "ind1": "7",
        "ind2": "\\",
        "subfields": [
          {
            "a": "000244264"
          },
          {
            "2": "Uk"
          }
        ]
      }
    },
    {
      "019": {
        "ind1": "\\",
        "ind2": "\\",
        "subfields": [
          {
            "a": "59830234"
          },
          {
            "a": "976959579"
          }
        ]
      }
    },
    {
      "020": {
        "ind1": "\\",
        "ind2": "\\",
        "subfields": [
          {
            "a": "0674401700"
          }
        ]
      }
    },
    {
      "020": {
        "ind1": "\\",
        "ind2": "\\",
        "subfields": [
          {
            "a": "9780674401709"
          }
        ]
      }
    },
    {
      "035": {
        "ind1": "\\",
        "ind2": "\\",
        "subfields": [
          {
            "a": "(OCoLC)143631"
          },
          {
            "z": "(OCoLC)59830234"
          },
          {
            "z": "(OCoLC)976959579"
          }
        ]
      }
    },
    {
      "037": {
        "ind1": "\\",
        "ind2": "\\",
        "subfields": [
          {
            "c": "8.00."
          }
        ]
      }
    },
    {
      "043": {
        "ind1": "\\",
        "ind2": "\\",
        "subfields": [
          {
            "a": "fe-----"
          }
        ]
      }
    },
    {
      "050": {
        "ind1": "\\",
        "ind2": "0",
        "subfields": [
          {
            "a": "RA395.A45"
          },
          {
            "b": "B4"
          }
        ]
      }
    },
    {
      "055": {
        "ind1": "\\",
        "ind2": "3",
        "subfields": [
          {
            "a": "RA 395 A5"
          },
          {
            "b": "B39"
          }
        ]
      }
    },
    {
      "060": {
        "ind1": "0",
        "ind2": "0",
        "subfields": [
          {
            "a": "WA 540 HA15"
          },
          {
            "b": "B3h 1970"
          }
        ]
      }
    },
    {
      "082": {
        "ind1": "0",
        "ind2": "4",
        "subfields": [
          {
            "a": "362.1096"
          },
          {
            "b": "BEC"
          }
        ]
      }
    },
    {
      "100": {
        "ind1": "1",
        "ind2": "\\",
        "subfields": [
          {
            "a": "Beck, Ann,"
          },
          {
            "d": "1903-"
          }
        ]
      }
    },
    {
      "245": {
        "ind1": "1",
        "ind2": "2",
        "subfields": [
          {
            "a": "A history of the British medical administration of East Africa, 1900-1950 /"
          },
          {
            "c": "Ann Beck."
          }
        ]
      }
    },
    {
      "260": {
        "ind1": "\\",
        "ind2": "\\",
        "subfields": [
          {
            "a": "Cambridge :"
          },
          {
            "b": "Harvard University Press,"
          },
          {
            "c": "1970."
          }
        ]
      }
    },
    {
      "300": {
        "ind1": "\\",
        "ind2": "\\",
        "subfields": [
          {
            "a": "xiv, 271 pages ;"
          },
          {
            "c": "22 cm."
          }
        ]
      }
    },
    {
      "336": {
        "ind1": "\\",
        "ind2": "\\",
        "subfields": [
          {
            "a": "text"
          },
          {
            "b": "txt"
          },
          {
            "2": "rdacontent"
          }
        ]
      }
    },
    {
      "337": {
        "ind1": "\\",
        "ind2": "\\",
        "subfields": [
          {
            "a": "unmediated"
          },
          {
            "b": "n"
          },
          {
            "2": "rdamedia"
          }
        ]
      }
    },
    {
      "338": {
        "ind1": "\\",
        "ind2": "\\",
        "subfields": [
          {
            "a": "volume"
          },
          {
            "b": "nc"
          },
          {
            "2": "rdacarrier"
          }
        ]
      }
    },
    {
      "490": {
        "ind1": "1",
        "ind2": "\\",
        "subfields": [
          {
            "a": "Books / Commonwealth Fund"
          }
        ]
      }
    },
    {
      "500": {
        "ind1": "\\",
        "ind2": "\\",
        "subfields": [
          {
            "a": "\"A Commonwealth Fund book.\""
          }
        ]
      }
    },
    {
      "504": {
        "ind1": "\\",
        "ind2": "\\",
        "subfields": [
          {
            "a": "Includes bibliographical references and index."
          }
        ]
      }
    },
    {
      "650": {
        "ind1": "\\",
        "ind2": "0",
        "subfields": [
          {
            "a": "Public health administration"
          },
          {
            "z": "Africa, East."
          }
        ]
      }
    },
    {
      "650": {
        "ind1": "\\",
        "ind2": "2",
        "subfields": [
          {
            "a": "Public Health Administration"
          },
          {
            "x": "history."
          },
          {
            "0": "https://id.nlm.nih.gov/mesh/D011635Q000266"
          }
        ]
      }
    },
    {
      "650": {
        "ind1": "\\",
        "ind2": "2",
        "subfields": [
          {
            "a": "Tropical Medicine."
          },
          {
            "0": "https://id.nlm.nih.gov/mesh/D014330"
          }
        ]
      }
    },
    {
      "651": {
        "ind1": "\\",
        "ind2": "2",
        "subfields": [
          {
            "a": "Africa, Eastern."
          },
          {
            "0": "https://id.nlm.nih.gov/mesh/D000351"
          }
        ]
      }
    },
    {
      "650": {
        "ind1": "\\",
        "ind2": "7",
        "subfields": [
          {
            "a": "Public health administration."
          },
          {
            "2": "fast"
          },
          {
            "0": "(OCoLC)fst01082334"
          }
        ]
      }
    },
    {
      "651": {
        "ind1": "\\",
        "ind2": "7",
        "subfields": [
          {
            "a": "Africa, East."
          },
          {
            "2": "fast"
          },
          {
            "0": "(OCoLC)fst01239511"
          }
        ]
      }
    },
    {
      "776": {
        "ind1": "0",
        "ind2": "8",
        "subfields": [
          {
            "i": "Online version:"
          },
          {
            "a": "Beck, Ann, 1903-"
          },
          {
            "t": "History of the British medical administration of East Africa, 1900-1950."
          },
          {
            "d": "Cambridge, Harvard Univ. Press, 1970"
          },
          {
            "w": "(OCoLC)609861007"
          }
        ]
      }
    },
    {
      "830": {
        "ind1": "\\",
        "ind2": "0",
        "subfields": [
          {
            "a": "Books (Commonwealth Fund)"
          }
        ]
      }
    },
    {
      "994": {
        "ind1": "\\",
        "ind2": "\\",
        "subfields": [
          {
            "a": "Z0"
          },
          {
            "b": "NYRVC"
          }
        ]
      }
    },
    {
      "948": {
        "ind1": "\\",
        "ind2": "\\",
        "subfields": [
          {
            "h": "NO HOLDINGS IN NYRVC - 311 OTHER HOLDINGS"
          }
        ]
      }
    },
    {
      "999": {
        "ind1": "\\",
        "ind2": "\\",
        "subfields": [
          {
            "a": "no barcode in first copy"
          }
        ]
      }
    },
    {
      "999": {
        "ind1": "\\",
        "ind2": "\\",
        "subfields": [
          {
            "a": "no barcode in second copy"
          }
        ]
      }
    }
  ]
}